@article{gnumoas,
  doi = {10.1007/bf02985731},
  url = {https://doi.org/10.1007/bf02985731},
  year = {2008},
  month = mar,
  publisher = {Springer Science and Business Media {LLC}},
  volume = {30},
  number = {2},
  pages = {6--15},
  author = {John H\. Conway and Heiko Dietrich and Eamonn A\. O'Brien},
  title = {Counting Groups: Gnus,  Moas,  and other Exotica},
  journal = {The Mathematical Intelligencer}
}

@book{fgt,
 Author = {Isaacs, I\. Martin},
 Title = {Finite group theory.},
 FSeries = {Graduate Studies in Mathematics},
 Series = {Grad\. Stud\. Math.},
 ISSN = {1065-7338},
 Volume = {92},
 ISBN = {978-0-8218-4344-4},
 Year = {2008},
 Publisher = {Providence, RI: American Mathematical Society (AMS)},
 Language = {English},
 Keywords = {20-01,20B15,20B20,20D06,20D10,20D15,20D20,20D25,20D35,20D45,20E22,20E36},
 zbMATH = {5315483},
 Zbl = {1169.20001}
}


@book{hungerford,
  author = {Hungerford, Thomas},
  edition = {Eighth},
  isbn = {978-1-4612-6103-2},
  doi = {10.1007/978-1-4612-6101-8},
  publisher = {Springer},
  refid = {703268},
  Pages = [83],
  timestamp = {2015-10-06T12:06:50.000+0200},
  title = {Algebra},
  year = 2003
}

@Article{sigley,
 Author = {Sigley, D\. T.},
 Title = {Orders for which there exist exactly six groups.},
 FJournal = {Bulletin of the American Mathematical Society},
 Journal = {Bull\. Am\. Math\. Soc.},
 ISSN = {0002-9904},
 Volume = {42},
 Pages = {816},
 Year = {1936},
 Language = {English}
}

@article{cube-free,
  doi = {10.1016/j.jalgebra.2004.12.001},
  url = {https://doi.org/10.1016/j.jalgebra.2004.12.001},
  year = {2005},
  month = oct,
  publisher = {Elsevier {BV}},
  volume = {292},
  number = {1},
  pages = {122--137},
  author = {Heiko Dietrich and Bettina Eick},
  title = {On the groups of cube-free order},
  journal = {Journal of Algebra}
}

@article{oddsolve,
  doi = {10.2140/pjm.1963.13.775},
  url = {https://doi.org/10.2140/pjm.1963.13.775},
  year = {1963},
  month = sep,
  publisher = {Mathematical Sciences Publishers},
  volume = {13},
  number = {3},
  pages = {775--787},
  author = {Walter Feit and John Thompson},
  title = {Solvability of groups of odd order,  Pacific J\. Math,  vol\. 13,  no\. 3 (1963)},
  journal = {Pacific Journal of Mathematics}
}

@article{bettinafour2,
  doi = {10.1016/j.jsc.2021.04.005},
  url = {https://doi.org/10.1016/j.jsc.2021.04.005},
  year = {2022},
  month = jan,
  publisher = {Elsevier {BV}},
  volume = {108},
  pages = {23--40},
  author = {Heiko Dietrich and Bettina Eick and Xueyu Pan},
  title = {Groups whose orders factorise into at most four primes},
  journal = {Journal of Symbolic Computation}
}

@article{nilnumb,
  doi = {10.1080/00029890.2000.12005248},
  url = {https://doi.org/10.1080/00029890.2000.12005248},
  year = {2000},
  month = aug,
  publisher = {Informa {UK} Limited},
  volume = {107},
  number = {7},
  pages = {631--634},
  author = {Jonathan Pakianathan and Krishnan Shankar},
  title = {Nilpotent Numbers},
  journal = {The American Mathematical Monthly}
}

@article{dickson,
  doi = {10.1090/s0002-9947-1905-1500706-2},
  url = {https://doi.org/10.1090/s0002-9947-1905-1500706-2},
  year = {1905},
  publisher = {American Mathematical Society ({AMS})},
  volume = {6},
  number = {2},
  pages = {198--204},
  author = {Leonard Eugene Dickson},
  title = {Definitions of a group and a field by independent postulates},
  journal = {Transactions of the American Mathematical Society}
}


@article{miller1,
  doi = {10.1073/pnas.18.6.472},
  url = {https://doi.org/10.1073/pnas.18.6.472},
  year = {1932},
  month = jun,
  publisher = {Proceedings of the National Academy of Sciences},
  volume = {18},
  number = {6},
  pages = {472--475},
  author = {G\. A\. Miller},
  title = {Orders for Which a Given Number of Groups Exist},
  journal = {Proceedings of the National Academy of Sciences}
}


@article{miller2,
  doi = {10.1073/pnas.18.7.511},
  url = {https://doi.org/10.1073/pnas.18.7.511},
  year = {1932},
  month = jul,
  publisher = {Proceedings of the National Academy of Sciences},
  volume = {18},
  number = {7},
  pages = {511--514},
  author = {G\. A\. Miller},
  title = {Orders for Which There Exist Exactly Four or Five Groups},
  journal = {Proceedings of the National Academy of Sciences}
}

@manual{cubefreepkg,
        author =       {H\. Dietrich},
        title =        {Cubefree},
        note =         {A {GAP 4} package, see \cite{GAP4}},
        year =         {2022},
		url = 		   "\url{https://www.gap-system.org/Packages/cubefree.html}"
}

@manual{GAP4,
    key          = "GAP",
    organization = "The GAP~Group",
    title        = "{GAP -- Groups, Algorithms, and Programming,
                    Version 4.5.6}",
    year         = 2022,
    url          = "\url{https://www.gap-system.org}",
}

@Book{monolith,
 Author = {Blackburn, Simon R\. and Neumann, Peter M\. and Venkataraman, Geetha},
 Title = {Enumeration of finite groups.},
 FSeries = {Cambridge Tracts in Mathematics},
 Series = {Camb\. Tracts Math.},
 ISSN = {0950-6284},
 Volume = {173},
 ISBN = {978-0-521-88217-0},
 Year = {2007},
 Publisher = {Cambridge: Cambridge University Press},
 Keywords = {20-02,20Dxx,20Exx,20D15,20D60,11N45,20D10,20E10},
}


@article{szele,
  doi = {10.1007/bf02568132},
  url = {https://doi.org/10.1007/bf02568132},
  year = {1947},
  month = dec,
  publisher = {European Mathematical Society - {EMS} - Publishing House {GmbH}},
  volume = {20},
  number = {1},
  pages = {265--267},
  author = {T. Szele},
  title = {\"{U}ber die endlichen Ordnungszahlen,  zu denen nur eine Gruppe geh\"{o}rt},
  journal = {Commentarii Mathematici Helvetici}
}


@article{mueller,
  doi = {10.1016/j.jalgebra.2005.10.013},
  url = {https://doi.org/10.1016/j.jalgebra.2005.10.013},
  year = {2006},
  month = jun,
  publisher = {Elsevier {BV}},
  volume = {300},
  number = {1},
  pages = {10--15},
  author = {Thomas W. M\"{u}ller},
  title = {An arithmetic theorem related to groups of bounded nilpotency class},
  journal = {Journal of Algebra}
}

@article{pazderski,
  doi = {10.1007/bf01240807},
  url = {https://doi.org/10.1007/bf01240807},
  year = {1959},
  month = dec,
  publisher = {Springer Science and Business Media {LLC}},
  volume = {10},
  number = {1},
  pages = {331--343},
  author = {Gerhard Pazderski},
  title = {Die Ordnungen, zu denen nur Gruppen mit gegebener Eigenschaft gehören},
  journal = {Archiv der Mathematik}
}

@unpublished{olsson,
 year = {2006},
 month = {5},
 title = {Three-group numbers},
 author = {Jørn B\. Olsson},
 note = {Preprint, retrivied from \url{https://web.math.ku.dk/~olsson/links/publ.html}}
}

@misc{bettinafour1,
      title={Enumeration of groups whose order factorises in at most 4 primes}, 
      author={Bettina Eick},
      year={2017},
      eprint={1702.02616},
      archivePrefix={arXiv},
      primaryClass={math.GR}
}